3482 5268
875 337 996 434 66ι

278 548 397 613 iterum
421 549 463 612 ad
486 567 601 614 versus
625 547 771 630 priorum
787 549 947 615 librorum
963 569 1131 616 reversum
1149 570 1220 617 esse
1237 551 1271 616 id
1295 557 1345 616 est
1367 551 1507 633 primis

253 655 318 740 ,in
357 655 475 720 libris
515 675 596 720 eum
631 656 731 721 satis
770 676 946 739 maguam
985 677 1165 723 versuum
1205 659 1374 741 copiam,
1412 678 1506 739 quos

278 762 570 844 posterioribus
612 763 651 827 in
688 763 807 829 libris
846 771 1061 846 repeteret,
1098 765 1177 830 sibi
1210 766 1417 847 paravisse
1452 766 1506 832 vi-

279 871 399 935 demus.

868 1069 912 1134 Π.

368 1249 503 1313 Poetam
539 1267 632 1327 quem
667 1253 838 1329 tantopere
874 1268 945 1314 sese
977 1248 1192 1330 exscripsisse
1224 1268 1241 1314 e
1271 1249 1382 1330 priore
1410 1255 1506 1330 parte

278 1356 500 1438 cognovimus
532 1375 596 1420 non
627 1356 720 1419 modo
752 1374 866 1421 versus
898 1355 951 1421 vel
975 1375 1127 1421 versuum
1158 1362 1269 1437 partes
1299 1357 1504 1438 repetivisse,

277 1465 335 1528 sed
359 1463 458 1528 etiam
483 1481 581 1544 saepe
604 1462 639 1526 iu
662 1461 779 1526 iisdem
803 1465 900 1527 rebus
917 1463 1140 1528 describendis
1153 1464 1210 1554 yel
1228 1463 1352 1528 fabulis
1368 1483 1506 1528 narran-

278 1571 327 1636 dis
352 1570 473 1636 eisdem
498 1569 608 1634 verbis
632 1589 724 1634 usum
749 1588 819 1635 esse
842 1589 901 1650 per
925 1589 959 1634 se
984 1575 1083 1651 patet.
1118 1571 1234 1651 Itaque
1258 1591 1352 1653 nunc,
1378 1576 1507 1636 uteret

276 1678 496 1760 propositum,
529 1696 625 1757 quam
655 1677 817 1742 rationem
843 1677 895 1742 his
920 1677 954 1741 in
977 1681 1074 1744 rebus
1099 1684 1229 1744 secutus
1254 1679 1314 1760 sit,
1347 1678 1505 1759 exemplis

278 1804 374 1864 quam
397 1785 549 1866 plurimis
574 1784 878 1851 demonstrabimus

366 1894 405 1958 In
429 1898 620 1958 transcursu
643 1891 815 1957 nonnullos
839 1893 946 1973 locos,
979 1892 1034 1972 qui
1065 1898 1141 1958 sunt
1171 1891 1308 1969 minoris
1340 1892 1504 1974 momenti,

279 2002 545 2066 commemorabo.

366 2125 507 2191 Panibus
530 2125 584 2191 vel
608 2123 771 2189 similibus
795 2123 905 2190 verbis
930 2124 1140 2189 describitur:

366 2230 499 2316 Lunae
523 2250 628 2332 ignis

278 2361 313 2424 iu
337 2359 503 2426 versibus:

411 2486 506 2567 4281
525 2502 572 2548 ω
588 2483 686 2565 6166
701 2521 739 2528 -
755 2484 853 2565 4282
868 2502 917 2546 ω
933 2484 1053 2564 38978
1068 2521 1107 2528 -
1126 2484 1234 2565 4283,
1261 2484 1325 2548 284
1341 2501 1389 2546 ω
1405 2483 1503 2568 6166

367 2611 509 2678 amoris
534 2611 662 2691 ardor,
688 2609 743 2689 qui
768 2615 867 2675 vexat
883 2609 994 2675 Iovem
1010 2609 1202 2690 Vulcanum,
1228 2608 1370 2688 aliquam
1386 2608 1502 2674 Indum

323 2738 343 2802 i.
361 2758 391 2804 v.
439 2737 547 2817 5,612,
572 2736 637 2799 613
654 2765 686 2786 =
709 2735 833 2816 13,178,
861 2735 1133 2815 179ω14,199,
1160 2733 1224 2799 200
1239 2752 1288 2797 rx>
1306 2734 1401 2814 lb,85

367 2881 471 2928 amor
493 2861 594 2942 Iovia,
624 2859 748 2941 Cadmi,
773 2859 914 2924 hominis
939 2860 1130 2925 bacchantis

321 2988 343 3053 i.
360 3008 390 3054 v.
440 2988 536 3068 1,347
553 3017 586 3039 =
605 2985 723 3067 12,393
739 3003 787 3048 ω
803 2985 911 3067 4146,
938 2986 1001 3049 149

366 3114 524 3193 quomodo
573 3111 750 3177 Bacchus
789 3111 942 3192 Brongo
984 3110 1045 3176 vel
1091 3109 1223 3175 Icario
1276 3108 1503 3190 hospitibus

276 3221 396 3289 vitem
420 3222 536 3286 donet

320 3349 341 3412 i.
360 3369 390 3414 v.
440 3347 546 3428 17,48,
571 3346 667 3426 47,41
693 3382 735 3389 -
762 3344 868 3425 17,74,
887 3343 985 3424 4745
1011 3381 1052 3388 -
1080 3343 1185 3424 1783,
1204 3343 1302 3423 4768
1327 3379 1369 3386 —-
1396 3341 1502 3423 17,81,

435 3454 532 3535 47,67
558 3491 599 3497 -
626 3452 731 3533 17,84,
757 3452 854 3532 47,67
1192 3447 1195 3454 ⁴

365 3578 615 3662 perturbatio
640 3577 841 3660 a'Pyphoeo,
859 3577 947 3657 Iove,
969 3576 1173 3640 Phaethonte
1197 3574 1236 3638 in
1260 3573 1369 3639 caelo
1394 3572 1504 3638 facta

321 3705 342 3769 r.
360 3725 390 3771 v.
438 3704 558 3786 33663
574 3723 622 3767 ω
638 3703 736 3784 6336
762 3739 802 3749 -
820 3703 942 3783 saaca
959 3721 1006 3765 ω
1024 3702 1120 3784 suaa
1139 3739 1178 3748 -
1205 3699 1389 3781 caecam
1405 3698 1504 3780 6344

436 3849 478 3857 -
503 3811 801 3892 3336361334

365 3955 466 4002 mors
491 3942 528 4001 et
552 3936 660 4001 tacta
684 3935 864 4019 Typhoei

320 4062 341 4127 r.
361 4083 389 4128 v.
438 4061 550 4144 aare,
587 4062 856 4142 aromaca
897 4097 935 4107 -
977 4060 1139 4142 aarum]
1164 4059 1282 4140 13466
1322 4093 1363 4102 -
1404 4055 1500 4137 acar

434 4189 482 4233 ω
499 4170 618 4251 raom

364 4296 492 4361 noctis
517 4293 850 4376 appropinquatio

320 4423 340 4486 i.
358 4443 388 4489 v.
437 4420 935 4504 2,166ω18,166ω26,669
963 4457 1000 4464 -
1027 4418 1124 4498 2,166
1140 4436 1188 4481 ω
1207 4417 1322 4498 18,161
