3482 5268
866 334 952 432 Ii„
984 428 1008 431 ,

323 559 326 562 “
392 551 559 615 Postremo
611 549 852 614 hemistichium
902 545 1136 636 κνμερνὴιειρο
1193 547 1349 636 γενέθλης
1403 551 1516 615 affero.

289 657 480 739 Appellatio
506 656 592 722 enim
615 652 849 744 κνμερνὴιειρα
872 653 1039 742 γενέθλης,
1064 675 1260 736 quamquam
1284 659 1422 735 addens
1445 663 1518 722 tan-

288 769 357 830 tum
381 764 533 845 pertinet,
555 782 696 854 ¹quarum
720 763 852 828 nomina
876 781 948 834 cum
971 768 1069 843 partu
1094 763 1344 844 coniunguntur,
1369 763 1516 830 velutad

287 871 430 936 Dianam
455 871 553 950 36,62
578 876 611 934 et
634 871 676 935 ad
700 871 858 936 Venerem
883 869 1013 950 41,156,
1041 876 1150 934 tamen
1168 871 1209 933 ad
1226 869 1380 935 Nemesin
1396 871 1517 952 48,416

289 977 501 1044 transfertur.

379 1085 430 1148 Ea
454 1103 580 1164 quoque
604 1104 649 1166 re,
676 1091 876 1165 quantopere
900 1083 1035 1148 Nonnus
1059 1083 1277 1148 hemistichiis
1302 1083 1517 1149 formularum

288 1192 395 1257 instar
432 1197 556 1271 utatur,
596 1187 819 1272 cognoscitur,
860 1192 946 1271 quod
981 1189 1143 1254 interdum
1182 1192 1369 1270 quaedam
1401 1192 1516 1256 vorbi

289 1299 436 1364 formae
475 1317 544 1380 per
583 1318 623 1363 se
654 1298 807 1377 quidem
838 1297 1015 1362 rariores
1047 1297 1165 1362 semel
1200 1297 1418 1378 iterumque
1455 1319 1517 1364 re-

288 1411 460 1470 currunt.
509 1405 668 1471 Conferas
692 1405 806 1471 velim:

418 1526 592 1595 άισιιάοειε
621 1527 778 1617 γενέθλην
803 1531 932 1612 27,316,
958 1531 1088 1611 46,296,
1114 1531 1245 1612 47,723,
1271 1531 1408 1617 48,733,

418 1693 459 1701 —
484 1656 536 1720 bis
560 1661 686 1721 tantum
711 1655 799 1720 aliae
824 1655 950 1739 formae
975 1661 1120 1720 exstant:
1146 1657 1254 1738 48,11,
1285 1657 1401 1738 11,350

288 1786 321 1845 et
614 1779 834 1846 κατακτείνειε
867 1777 1013 1865 βελέμνῳ
1038 1781 1158 1863 28,224

715 1925 729 1934 -
813 1913 830 1952 ν
865 1885 938 1952 otor
976 1925 991 1934 -
1037 1889 1158 1969 38,343

716 2033 730 2042 -
814 1994 1012 2082 εμαχαίρῃ
1041 1995 1171 2077 38,336.

377 2121 522 2202 Poetam,
548 2121 603 2201 qui
627 2140 779 2187 versuum
809 2124 954 2186 membra
985 2121 1160 2186 maximam
1192 2127 1319 2203 partem
1350 2128 1515 2202 tamquam

291 2227 450 2294 formulas
473 2234 612 2310 repetat,
638 2229 708 2293 sine
733 2248 833 2294 causa
857 2232 1030 2293 verborum
1059 2231 1167 2294 sedem
1196 2229 1365 2294 rarissime
1389 2235 1516 2295 mutare

287 2355 352 2400 non
377 2341 427 2400 est
449 2335 576 2400 mirum.
625 2336 695 2401 Hos
718 2355 840 2417 paucos
864 2336 954 2401 locos
978 2335 1104 2401 inveni:

493 2457 542 2536 εἰς
565 2457 642 2526 ὅλον
666 2451 754 2548 ἦμαρ
778 2455 892 2525 ἔπινον
918 2461 1035 2542 13367

492 2567 547 2633 καὶ
571 2567 650 2633 αῖον
673 2565 721 2643 εἰς
746 2563 820 2632 ὅλον
846 2559 933 2655 ἦμαρ
959 2569 1077 2650 18,154

493 2692 547 2756 καὶ
572 2689 728 2774 θαλάμαις
753 2695 944 2780 σιραιιῇαιν
968 2694 1053 2774 5,41,
1080 2693 1209 2774 30,l87,
1235 2695 1355 2770 39,222

516 2836 530 2846 ·
571 2821 711 2886 οτρατι-
746 2796 846 2882 διάάμ
893 2837 907 2846 -
966 2800 1085 2881 21,320

493 2920 639 3010 Ζαγρὲος
661 2919 852 3009 άρχεγόνοιο
876 2925 995 3006 27,341

494 3027 670 3117 άρχεγὸνον
700 3033 849 3119 Ζαγρῆος
878 3033 998 3113 44,213

496 3153 573 3222 οὐδὲ
596 3152 678 3232 Διὸς
701 3153 805 3222 λάθεν
829 3153 919 3240 ὄμμα
943 3153 1113 3243 πανόψιον
1138 3158 1235 3238 ulau

523 3301 537 3310 -
598 3261 703 3329 λάθεν
726 3261 807 3340 Διὸς
867 3303 881 3311 -
1033 3303 1047 3310 -
1139 3265 1246 3346 24,73.

377 3391 503 3470 Restat,
529 3395 565 3454 ut
588 3390 745 3455 nonnulla
768 3390 992 3471 hemistichia,
1025 3409 1108 3469 quae
1139 3392 1215 3455 sede
1245 3396 1321 3456 sunt
1345 3389 1515 3472 notabilia,

290 3495 436 3562 afferam.
485 3497 629 3562 Exstant
653 3497 752 3561 enim:

356 3635 401 3714 ὥς
424 3633 527 3703 εἰπών
551 3635 763 3722 ε’ςὌλνμπον
787 3639 822 3703 in
846 3639 941 3704 initio
966 3640 1012 3704 IV
1117 3646 1150 3706 et
1172 3640 1256 3707 VIII
1371 3639 1451 3704 libri

356 3742 400 3821 ὥς
423 3743 553 3832 φαμένη
577 3742 761 3830 capiuntur
794 3783 809 3792 -
881 3784 895 3792 -
963 3747 1137 3810 XXXII·
1161 3747 1271 3827 XLII¹
1402 3783 1416 3792 —

418 3852 495 3917 λῦτο
520 3849 549 3916 δ’
572 3848 659 3935 α’γιλν
795 3890 809 3898 -
882 3890 896 3899 -
965 3853 1018 3918 III
1045 3853 1096 3917 XI
1123 3891 1137 3900 -
1161 3853 1346 3922 XXXVIII
1391 3891 1416 3936 ,-
1465 3905 1471 3918 .

379 3977 469 4060 Quae
494 3980 587 4044 sedes
611 3998 675 4043 non
700 3984 750 4043 est
773 3978 866 4042 mira.
914 3979 1017 4044 Poeta
1042 3979 1136 4060 enim,
1163 3979 1292 4044 cumin
1318 3979 1415 4044 initio
1439 3978 1517 4045 novi

287 4085 367 4150 libri
392 4087 434 4150 ad
457 4105 575 4151 novam
599 4105 667 4150 rem
691 4085 829 4167 aggredi
854 4085 976 4167 soleat,
1006 4085 1058 4151 his
1089 4086 1306 4152 hemistichiis
1336 4086 1517 4152 orationem

288 4193 343 4260 vel
372 4192 492 4274 proelii
525 4193 776 4274 descriptionem
808 4192 882 4256 finit
910 4198 944 4258 et
972 4194 1014 4258 ad
1043 4213 1161 4259 novam
1185 4194 1315 4259 transit.
1363 4195 1454 4258 Idem
1478 4194 1517 4257 de

287 4299 494 4364 hemistichio
530 4297 737 4379 ε’νανλίζοννο
771 4295 956 4386 μελάθροις
994 4301 1084 4381 12,2,
1122 4301 1198 4381 203
1238 4301 1409 4365 dicendum
1456 4305 1514 4365 cst.

287 4407 540 4472 Hemistichium
571 4413 679 4472 autem
709 4407 764 4471 καὶ
790 4403 886 4494 ’Ἀρεῖ
914 4407 969 4472 καὶ
999 4407 1171 4494 Κυθερείῃ
1202 4409 1287 4487 quod
1318 4407 1450 4472 tertium
1484 4414 1517 4471 et

289 4520 440 4581 octavum
493 4515 614 4579 librum
668 4514 759 4596 finit,
809 4534 886 4580 casu
934 4534 1030 4595 quam
1084 4515 1221 4581 consilio
1276 4516 1400 4581 factum
1446 4533 1517 4580 esso
