3482 5268
898 328 940 391 48

812 419 1020 426 -—---——-—-

347 540 445 622 3,347
495 538 705 626 Θυμβραῖον
729 545 926 623 ποταμοῖο
949 537 1049 606 πιδιν
1073 537 1282 629 α’λλότριον
1306 539 1408 631 ὕδωρ

346 648 444 729 3267
491 644 678 730 αδτογόνον
702 645 851 714 Νείλοιο
875 646 949 714 mccl
961 673 978 712 ν
1002 646 1229 732 ἑπτάστομον
1254 645 1354 736 ὕδωρ

349 808 444 891 13,55
490 805 653 894 πατρίδος
675 804 824 895 Ἀονίης
848 805 1056 892 ἑπτάστομον
1079 801 1200 886 οὖδας
1223 807 1342 886 ἐάσας

327 970 443 1051 13251
491 965 663 1057 πάτριον
686 965 853 1052 Ἀμνισοῖο
878 967 968 1057 ῥόον
992 975 1161 1058 Κρηταῖον
1184 967 1304 1048 ἐάσας

328 1078 444 1160 13252
872 1073 974 1144 νόθον
997 1077 1064 1144 πίε
1089 1074 1234 1154 Φάσιδος
1256 1075 1358 1168 ὕδωρ

331 1239 448 1321 13228
495 1233 804 1324 ΠρίασοςἈονίης
826 1235 1102 1322 μετανάσσατο
1125 1235 1270 1305 κόλπον
1293 1236 1465 1328 άροάρης

326 1347 445 1428 13532
490 1341 628 1410 ’Λονίον
652 1351 848 1427 ποταμοῖο
872 1342 945 1411 atu*
955 1371 973 1410 ν
996 1342 1205 1434 άλλότριον
1228 1343 1327 1436 ὕδωρ

325 1454 444 1536 13539
1070 1449 1190 1530 οὖδας
1213 1451 1333 1530 ἐάσας

348 1614 443 1696 26,71
490 1610 639 1678 ’Λονίον
662 1619 854 1696 ποταμοῖο
877 1610 978 1680 πιιόν
1000 1611 1173 1703 Ἰσμήνιον
1195 1611 1311 1704 ὕδωρ.

391 1775 550 1841 Omnibus
583 1775 664 1840 locis
694 1775 841 1841 homines
866 1795 883 1840 e
907 1776 1041 1858 patria
1066 1795 1243 1859 egressos
1266 1777 1372 1842 inter
1396 1783 1529 1841 exter-

301 1902 371 1948 nas
409 1887 540 1965 gentes
578 1881 699 1948 vitam
739 1883 879 1964 degere
919 1889 955 1948 et
993 1902 1130 1964 aquam
1170 1890 1357 1950 externae
1395 1889 1529 1948 terrae

302 1990 438 2056 bibere
461 1996 625 2054 narratur.
657 1990 793 2054 Poetam
811 2009 866 2056 eas
890 2010 942 2056 res
967 1991 1065 2056 etiam
1090 2010 1193 2072 parvo
1210 1991 1317 2073 spatio
1341 1991 1528 2056 intermisso

301 2103 451 2178 repetere
474 2117 538 2162 non
563 2096 766 2162 dubitavisse
790 2098 978 2163 testimonio
1003 2105 1079 2164 sunt
1100 2099 1130 2180 3,
1158 2099 1220 2164 189
1246 2104 1278 2163 et
1301 2099 1375 2164 345.
1409 2098 1529 2181 Quam-

303 2224 400 2285 quam
424 2205 509 2269 enim
540 2204 749 2270 Emathionis
773 2205 902 2271 nomine
927 2212 1192 2288 commemorato,
1222 2206 1372 2270 Dardani
1406 2206 1529 2287 migra—

302 2315 423 2380 tionem
459 2312 590 2394 copiose
622 2312 787 2394 narravit‚
823 2319 932 2378 tamen
966 2315 1100 2378 eandem
1133 2313 1306 2382 historiam
1342 2315 1372 2395 3,
1405 2314 1469 2379 345
1493 2313 1529 2378 in

302 2423 457 2488 Electrae
481 2419 630 2486 oratione
653 2420 773 2484 iterum
796 2417 934 2501 profert.

395 2581 518 2647 Deinde
542 2586 640 2662 poeta
656 2580 986 2646 inundationibus
1011 2561 1284 2648 describendis
1308 2581 1450 2647 maxime
1474 2584 1528 2647 de-

302 2691 444 2755 lectatur
488 2707 592 2767 noque
641 2687 743 2752 ullam
781 2706 892 2752 aarum
939 2690 1293 2754 commemorandarum
1337 2689 1529 2754 facultatem

304 2796 426 2863 omittit
450 2795 528 2875 quin
559 2794 658 2859 etiam
683 2794 749 2859 iam
774 2794 830 2859 diu
852 2801 1031 2861 tractatam
1056 2797 1160 2861 denuo
1185 2795 1313 2877 profert
1337 2797 1393 2878 (cf.
1420 2797 1528 2878 3203,

305 2902 425 2988 rato).

392 3010 499 3076 Semel
538 3009 720 3089 iterumque
754 3029 872 3089 aquam
915 3011 1042 3076 caelum
1082 3017 1219 3093 tangere
1258 3010 1379 3096 (1284,
1420 3011 1527 3093 2277,

303 3120 410 3201 6229,
436 3115 579 3202 luteo),

391 3225 501 3292 sidera
524 3224 677 3289 inundari
701 3223 822 3309 (2279,
846 3225 952 3307 tata,
971 3225 1100 3310 23292,
1118 3225 1262 3310 43287),
1288 3225 1421 3307 bestius,
1446 3243 1529 3304 quae

302 3353 465 3414 nunquam
490 3331 697 3413 conveniunt,
722 3331 788 3396 sibi
811 3351 982 3398 occurrere
1006 3331 1128 3418 (6266,
1154 3331 1288 3418 43291)
1312 3337 1475 3397 narratur.

391 3440 522 3522 Optime
546 3439 611 3504 sibi
634 3440 833 3518 respondent
856 3440 953 3520 6251
979 3445 1012 3506 et
1037 3440 1165 3522 13,522.

391 3548 539 3626 Utroque
563 3545 648 3610 enim
671 3545 743 3610 loco
768 3551 801 3610 et
823 3546 995 3612 inundatio
1021 3547 1094 3627 ipsa
1117 3547 1253 3628 paribus
1280 3548 1332 3613 vel
1364 3545 1528 3611 similibus

302 3654 413 3722 verbis
437 3652 636 3719 describitur
660 3659 693 3717 et
715 3653 790 3718 finis
814 3673 916 3734 aeque
939 3655 1086 3736 Neptuni
1109 3655 1251 3720 tridente
1274 3654 1322 3718 fit.

391 3761 502 3842 Nunc,
536 3765 572 3825 ut
596 3760 718 3826 clarius
743 3764 916 3827 verborum
941 3781 1116 3828 consensus
1140 3761 1378 3843 perspiciatur,
1403 3759 1529 3826 similes

302 3887 417 3936 versus
442 3867 639 3935 exscribam:

327 4031 423 4112 1284
469 4025 631 4118 aupaci-‘lp
656 4027 692 4095 δὲ
715 4026 873 4096 θάλασσα
1275 4029 1383 4112 6258,
1408 4029 1529 4110 43186

327 4138 423 4220 1285
470 4134 638 4225 ἠλιβάτοις
661 4134 839 4222 πελάγεσσι
1410 4135 1507 4217 12,60

326 4300 425 4382 2276
1046 4296 1251 4364 πολνπίδακι
1275 4297 1384 4380 λαιμῷ
1408 4296 1527 4378 23281

325 4408 423 4489 2277
447 4403 595 4482 Ὠκεανός
606 4403 690 4496 πρός
699 4403 869 4489 Ὄλυμπον
881 4401 968 4490 άγινν
981 4403 1173 4493 ὑψοόμενον
1185 4402 1275 4494 ὕδωρ
1293 4405 1401 4488 6267,
1420 4403 1528 4486 1220,

1365 4511 1484 4592 23290
