3482 5268
814 340 857 402 35

304 553 399 619 Nunc
430 571 513 633 quae
544 572 584 617 ex
615 552 666 618 his
704 571 857 618 versuum
896 551 1047 633 partibus
1078 549 1218 632 prolatis
1255 551 1294 615 de
1328 555 1445 630 poetae

216 660 345 726 ratione
368 660 436 726 sint
460 660 691 741 concludenda,
716 659 877 739 reliquum
902 664 952 723 est
976 657 1151 738 inquirere.

304 768 353 833 Ac
397 768 538 849 primum
583 767 713 847 quidem
759 785 896 833 versus
942 765 1097 847 pariter
1142 765 1205 830 vel
1252 763 1446 830 similiter

217 880 402 940 exeuntes
432 875 550 940 multo
579 875 713 956 plures
743 879 902 939 exstare
931 891 1044 952 quam
1072 871 1227 954 pariter
1250 871 1313 938 vel
1337 871 1446 936 simi-

215 983 311 1047 liter
334 981 577 1063 incipientes
606 982 711 1063 primo
737 983 852 1046 obtutu
876 980 1039 1060 videmus3
1070 981 1154 1059 quod
1178 979 1356 1044 discrimen
1380 999 1445 1044 non

215 1089 325 1156 Nonni
348 1089 517 1170 proprium
542 1095 600 1170 est,
626 1091 683 1154 sed
707 1090 793 1170 apud
818 1088 936 1153 multos
960 1092 1075 1168 poetas
1099 1087 1269 1152 invenitur
1292 1086 1313 1172 ).

305 1197 428 1280 Quodsi
459 1197 661 1278 quaerimus,
694 1214 765 1276 quo
796 1197 904 1260 modo
936 1194 1032 1260 fieri
1056 1194 1248 1276 potuerit,
1280 1199 1316 1259 ut
1348 1199 1446 1276 poeta

218 1303 316 1370 toties
340 1305 470 1369 easdem
493 1323 646 1370 versuum
670 1309 782 1384 partes
797 1308 971 1385 repeteret,
997 1302 1137 1382 primum
1162 1306 1306 1366 natura
1329 1306 1445 1381 atque

216 1411 372 1476 indoles
396 1411 497 1476 totius
522 1411 678 1476 carminis
703 1417 753 1475 est
775 1409 992 1491 respicienda.

309 1517 666 1599 Duodequinquaginta
697 1517 783 1582 enim
813 1513 911 1582 libris
940 1535 1008 1598 reS,
1034 1535 1117 1595 quae
1145 1516 1267 1597 viginti
1291 1521 1446 1595 quattuor

187 1662 189 1667 .
215 1625 311 1690 libris
335 1625 467 1690 narrari
490 1620 681 1706 potuerunt,
706 1625 774 1689 late
803 1630 901 1704 atque
927 1624 999 1689 fuse
1022 1629 1218 1688 tractantur.
1266 1623 1445 1718 Praeterea

216 1733 341 1798 certum
372 1732 545 1798 consilium
574 1751 634 1814 per
663 1737 768 1798 totum
799 1751 931 1796 carmen
962 1731 1096 1811 specie
1127 1736 1255 1794 tantum
1288 1729 1442 1814 exstat).

216 1840 369 1906 Revera
394 1839 479 1904 enim
495 1845 593 1920 poeta
609 1839 793 1921 singulas
814 1858 867 1904 res
885 1845 917 1902 et
941 1837 1083 1920 fabulae,
1109 1857 1191 1917 quae
1216 1837 1247 1902 ei
1271 1843 1446 1902 occurrunt

217 1940 249 2010 et
271 1947 419 2028 placent,
448 1947 524 2013 laxe
548 1946 635 2011 inter
658 1965 693 2012 se
725 1946 868 2012 conserit
899 1951 932 2010 et
956 1964 1054 2026 saepe
1078 1944 1198 2009 mentio
1224 1943 1364 2009 alicuius
1388 1963 1445 2009 no-

215 2053 314 2119 minis
338 2054 392 2120 vel
414 2054 465 2118 rei
488 2073 560 2118 eum
591 2053 725 2135 incitat,
758 2060 793 2118 ut
824 2053 969 2133 aliquam
999 2071 1083 2134 rem,
1117 2071 1312 2132 quamquam
1335 2070 1444 2116 rerum

216 2167 402 2229 contextum
427 2161 562 2242 dirimit,
588 2161 719 2241 copiose
743 2167 872 2242 tractet,
901 2160 992 2226 velut
1015 2160 1122 2240 38,98,
1148 2159 1205 2224 ubi
1228 2159 1445 2224 Phaethontis

217 2269 389 2334 calamitas
414 2288 454 2332 ex
477 2268 647 2349 inopinato
672 2274 835 2333 narratur.

306 2376 454 2441 Deinde
478 2381 720 2441 constantem
744 2394 925 2441 versuum
949 2373 1243 2440 Nonnianorum
1269 2378 1444 2437 structu-

216 2504 298 2548 ram
322 2483 480 2565 effecisse,
506 2490 542 2547 ut
566 2484 697 2548 eaedem
722 2483 884 2548 formulae
908 2488 974 2546 tam
1000 2500 1097 2561 saepe
1122 2485 1307 2560 recurrant,
1334 2479 1444 2544 verbis

217 2612 281 2657 non
305 2599 387 2673 eget.
434 2592 481 2658 Ut
504 2591 589 2656 enim
614 2591 701 2671 apud
724 2591 902 2655 Homerum
926 2608 1036 2654 omnes
1066 2587 1206 2668 triginta
1237 2588 1320 2650 duae
1343 2587 1444 2650 hexa-

217 2700 313 2764 metri
338 2700 463 2763 formae
487 2704 634 2779 exstant,
659 2698 708 2762 ita
738 2697 873 2764 Nonnus
905 2693 1054 2778 nouem³J
1088 2700 1214 2759 tantum
1239 2695 1384 2776 praebet,
1409 2693 1444 2758 in

218 2807 334 2886 quibus
358 2804 474 2890 duae4)
505 2813 572 2870 tam
605 2825 701 2870 rarae
732 2811 822 2886 sunt,
856 2811 892 2869 ut
924 2823 995 2868 eum
1028 2810 1151 2884 septem
1176 2808 1302 2866 tantum
1328 2801 1444 2866 formis

217 2933 309 2978 usum
334 2933 404 2978 esse
427 2932 532 2994 paene
556 2913 623 2977 dici
646 2913 760 2994 possit.

289 3021 457 3086 Postremo
475 3027 572 3101 poeta
587 3027 699 3085 tanta
715 3019 901 3085 memoria
917 3020 1048 3084 adiutus
1066 3023 1126 3098 est,
1144 3024 1180 3081 ut
1193 3017 1223 3082 ei
1236 3015 1445 3081 hemistichia

217 3127 270 3194 vel
293 3147 418 3210 versus
444 3146 524 3207 quos
547 3127 664 3208 primis
688 3127 843 3192 inlibris
868 3126 1004 3206 scripsit
1033 3125 1067 3189 in
1091 3125 1154 3188 fine
1179 3123 1287 3204 operis
1311 3130 1443 3203 praesto

218 3235 292 3299 sint.
341 3235 455 3300 Multis
480 3255 520 3300 ex
545 3235 702 3316 exemplis
725 3235 807 3300 haec
832 3234 932 3315 eligo:

348 3379 421 3460 1,48
445 3375 568 3467 φρικτὰ
593 3373 861 3465 δρακοντοκόμων
885 3374 1033 3456 ἐδαΐζετο
1057 3373 1146 3461 φῦλα
1171 3369 1339 3456 Γιγάντων
1364 3399 1367 3404 ’

323 3487 422 3567 48,48
505 3523 519 3532 -
586 3482 773 3572 πεδονρεφὲ
818 3522 832 3531 -
951 3522 965 3530 -
1096 3519 1110 3528 -
1171 3477 1316 3568 δρακόν-

442 3629 548 3710 2,679,
575 3630 650 3710 6,94
675 3625 705 3692 εἰ
727 3626 802 3692 λίνα
826 3624 990 3715 Μοιράων
1014 3623 1230 3690 scamellis-cue

441 3737 563 3818 lucan
678 3732 717 3800 οὐ
763 3773 776 3781 -
1105 3770 1119 3778 -

229 4034 230 4037 ,
309 3986 327 4056 ¹)
348 3986 422 4040 ldem
442 3987 475 4040 de
493 3987 581 4054 poetis
601 3986 736 4039 Latinis
757 3984 899 4038 dicendum
919 3987 969 4050 est,
989 3982 1060 4048 quod
1074 3981 1225 4035 clarissime
1239 3979 1446 4032 demonstratur

216 4075 283 4130 locis
312 4093 329 4129 a
360 4076 529 4143 Weymanno
562 4075 684 4129 collectis
721 4076 749 4127 in
784 4074 908 4142 ,Blatter
940 4072 986 4124 fiir
1018 4072 1067 4124 das
1087 4067 1445 4137 Gynmasialschulweseffl,

219 4163 353 4220 lifincheu
373 4166 451 4234 1895,
470 4182 494 4232 p.
516 4165 647 4232 554-56,
668 4164 715 4218 ubi
739 4180 772 4216 ex
793 4163 958 4216 carminibus
977 4161 1055 4214 latin.
1095 4158 1234 4228 epigraph.
1262 4160 1299 4210 15
1318 4172 1447 4210 versuum

217 4257 322 4309 initia
340 4257 466 4324 repetita,
486 4256 548 4309 310
567 4270 695 4308 versuum
716 4253 896 4307 clausulae
916 4251 1103 4319 proferuntur.

308 4345 328 4414 Ἡ)
348 4345 387 4401 Of.
408 4345 553 4412 Christius,
572 4344 734 4398 Geschichte
754 4344 800 4396 der
820 4341 1012 4395 Griechischen
1026 4341 1168 4393 Literatur
1186 4355 1210 4405 p.
1224 4337 1284 4392 816.

306 4435 328 4502 ⁸)
349 4435 390 4491 Of.
410 4433 555 4495 Ludwich:
577 4433 594 4489 l.
609 4449 630 4487 e.
651 4450 675 4500 p.
695 4433 782 4499 45,46.

307 4526 327 4594 ⁴)
347 4525 388 4578 of.
409 4525 538 4577 Ludwich
558 4541 582 4590 p.
598 4523 638 4576 18,
