3482 5268
822 878 984 1018 Vita.

377 1253 488 1322 Natus,
511 1273 581 1319 sum
613 1253 844 1319 Friderious
879 1251 1052 1320 Sobille'r
1075 1254 1300 1322 Vratislaviae
1335 1277 1364 1322 a.
1394 1259 1423 1323 d.
1452 1259 1512 1324 IX.

292 1361 367 1428 Kal.
392 1362 452 1426 Iul.
479 1361 557 1426 anni
585 1362 668 1426 1884
696 1368 790 1442 patre
820 1362 995 1443 Augusto
1022 1367 1126 1427 matre
1158 1363 1353 1429 Dorothea
1376 1385 1394 1430 e
1416 1372 1514 1448 gente

287 1470 411 1550 Lube,
437 1487 516 1548 quos
541 1469 646 1533 adbuo
670 1469 864 1550 superstites
889 1487 960 1534 esse
975 1471 1111 1550 gaudeo.
1148 1469 1245 1534 Fidei
1269 1471 1419 1536 addictus
1443 1491 1513 1537 sum

287 1576 507 1657 evangelicae.
560 1575 684 1640 ‘Primis
716 1575 902 1640 litterarum
932 1576 1100 1641 elementis
1133 1576 1274 1642 imbutus
1304 1580 1512 1662 gymnasium

288 1683 550 1749 Vratislaviense
574 1682 774 1748 lolranneum
798 1683 876 1764 adii,
902 1684 987 1762 quod
1007 1703 1084 1748 vere
1106 1684 1185 1748 anni
1204 1685 1288 1749 1903
1311 1687 1513 1751 maturitatis

290 1790 479 1856 testimonio
492 1790 671 1855 instructus
684 1790 813 1869 reliqui.
846 1791 957 1855 Mense
970 1790 1081 1870 Aprili
1098 1791 1193 1855 huius
1208 1780 1286 1856 anni
1303 1791 1338 1856 in
1351 1793 1514 1858 universi-

287 1905 390 1962 tatem
406 1897 695 1977 'l'ubingensem
712 1915 761 1961 me
777 1897 910 1977 contuli,
925 1897 980 1961 ubi
991 1897 1025 1961 in
1037 1897 1148 1962 studia
1160 1897 1362 1980 philologioa
1373 1905 1405 1964 et
1421 1901 1512 1964 theo-

288 2006 398 2088 logioa
410 2005 543 2070 incubui
555 2011 652 2083 atque
668 2004 789 2069 scholis
801 2004 945 2070 virorum
958 2004 1256 2070 illustrissimorum
1276 2007 1512 2085 Gundermonn,

285 2114 430 2192 Mueller,
458 2110 585 2178 Solrrnr'd
609 2118 642 2176 et
664 2111 838 2176 seminario
855 2111 1055 2193 philologiae
1080 2111 1307 2178 Gurrrlermonu
1323 2115 1512 2178 moderante

285 2219 433 2284 interfui.
497 2219 660 2283 Autumno
691 2218 786 2283 huius
818 2218 896 2282 anni
926 2218 1175 2283 universitatem
1214 2219 1510 2286 Vratislaviensem

286 2327 363 2392 adii.
382 2327 482 2393 ¹Vere
506 2333 614 2391 autem
638 2325 715 2390 anni
740 2325 905 2404 sequentis
930 2325 1145 2408 Gryphium
1165 2326 1309 2407 migravi
1325 2326 1381 2390 ubi
1398 2326 1512 2392 audivi

284 2435 462 2517 magistros
479 2433 697 2498 doctissimos:
725 2432 848 2511 Gerelre,
874 2432 989 2510 Hellen
1014 2432 1113 2512 Kroll,
1139 2435 1176 2498 ele
1191 2433 1379 2512 Notbusr'as,
1409 2430 1509 2512 Oeuu,

285 2541 527 2620 Radermacher,
555 2540 721 2606 sonuerat.

374 2648 538 2712 Autumno
556 2647 632 2712 anni
653 2647 738 2712 1904
755 2647 789 2711 in
806 2645 1055 2712 universitatem
1076 2646 1436 2719 Vratislaviensem
1458 2665 1510 2711 re-

285 2756 371 2823 verti
384 2755 476 2820 ouius
488 2773 590 2834 usque
602 2755 644 2818 ad
656 2755 717 2818 hoo
729 2761 856 2835 tempus
872 2753 955 2820 oivis
974 2755 1036 2835 fui,
1055 2756 1234 2819 docuerunt
1248 2775 1299 2819 me
1311 2755 1377 2821 viri
1390 2754 1511 2820 doetis-

284 2863 373 2927 simi:
398 2863 532 2940 Arnold,
557 2861 800 2944 Bounrportrmn
821 2859 991 2943 Uictorias,
1009 2861 1225 2944 Ebbirpbous,
1250 2860 1462 2927 Freodentbol
1477 2861 1508 2943 †,

285 2969 442 3048 Foerster,
473 2971 510 3034 de
533 2968 634 3048 Hose,
660 2967 849 3050 Hoffmann,
875 2967 1009 3050 Jacoby,
1034 2967 1242 3049 Kousmonu,
1269 2968 1509 3047 Kuelrrreuronn,

284 3073 421 3157 Norden,
447 3076 576 3159 Prerrss,
602 3075 743 3153 Slrutsob,
776 3075 961 3153 Wendlooot
988 3074 1109 3139 Zoeber
1123 3075 1154 3157 †,
1173 3073 1352 3140 Zielrurseb.
1382 3075 1510 3154 Hospes

284 3183 453 3250 seminarii
481 3182 674 3264 philologici
703 3181 880 3260 Foerstero,
911 3181 1071 3260 Nemeae,
1104 3181 1283 3259 Slrutseblo,
1317 3181 1509 3246 Weudlonrlo

282 3291 490 3372 praesidibus
513 3309 572 3371 per
595 3308 694 3354 unum
718 3308 846 3370 annum,
872 3288 995 3353 sodalis
1013 3288 1199 3353 ordinarius
1223 3307 1282 3369 per
1305 3307 1364 3352 sex
1383 3305 1509 3352 menses

283 3398 343 3462 fui.
402 3396 527 3481 Quibus
560 3397 708 3462 omnibus
749 3396 1017 3476 praeceptoribus
1052 3395 1214 3476 imprimis
1253 3414 1330 3460 vero
1369 3395 1509 3459 Rioordo

283 3504 456 3586 Foerstero,
481 3505 537 3584 qui
566 3505 675 3569 studia
698 3522 771 3567 mea
788 3521 887 3583 opera
904 3507 937 3566 et
953 3502 1090 3566 oonsilio
1114 3501 1350 3583 benignissime
1371 3501 1508 3582 adiuvit,

283 3612 426 3692 gratiam
450 3629 578 3692 semper
600 3612 727 3674 habebo
752 3609 936 3674 maximam.
