3482 5268
895 331 915 392 2

381 543 420 624 ‚si
451 560 586 621 usquam
617 542 729 606 multis
762 542 865 607 oculis
897 561 977 623 opus
1009 548 1074 624 est,
1101 541 1134 606 in
1158 545 1218 609 hoc
1242 545 1350 626 amplo
1375 566 1434 612 neo
1457 568 1521 613 uno

292 651 387 715 modo
412 648 568 730 impedito
593 648 755 729 scriptore
779 667 859 730 opus
884 651 953 713 est‘.

381 756 443 821 Rei
473 756 537 836 ipsi
570 775 662 820 nemo
686 756 792 820 adhuc
816 775 949 836 operam
973 756 1070 820 dedit.
1123 757 1201 822 Sola
1231 758 1358 824 auxilia
1388 760 1522 826 fuerunt

381 862 560 944 disputatio
584 862 820 944 Ludwicbii,
846 863 910 928 viri
935 863 1025 927 illius
1050 864 1089 926 de
1113 864 1229 929 Nonno
1254 865 1376 946 optime
1400 867 1520 949 meriti,

291 970 347 1050 qui
380 970 414 1034 in
442 977 685 1050 programmate
720 969 888 1052 gymnasii
921 969 1190 1051 Regiomontani,
1225 971 1278 1035 cui
1312 993 1429 1037 nemen
1469 980 1519 1038 est

291 1076 507 1157 Kbnigliches
531 1075 929 1157 Friedrichs-Collegium,
956 1077 1032 1140 anni
1060 1078 1144 1142 1873
1167 1098 1198 1158 p.
1217 1080 1258 1143 39
1276 1099 1333 1161 sq,
1351 1081 1393 1145 95
1410 1100 1457 1160 sq.
1485 1081 1519 1144 in

293 1183 437 1248 transitu
455 1183 629 1248 nonnullas
645 1201 796 1248 versuum
813 1189 925 1262 partes
941 1187 974 1247 et
990 1202 1103 1248 versus
1128 1184 1224 1264 plane
1240 1186 1398 1266 repetitos
1414 1186 1520 1267 affert,

382 1313 414 1372 et
438 1307 554 1371 index
577 1306 819 1387 Nonnianus,
846 1307 901 1386 qui
924 1291 1123 1387 a'Riglero
1141 1346 1183 1354 —
1201 1311 1320 1390 eodem,
1339 1310 1394 1389 qui
1420 1311 1522 1375 edidit

293 1415 543 1497 ,meletematum
573 1414 602 1477 V
630 1418 742 1493 partes
771 1414 810 1477 de
842 1413 969 1478 Nonno‘
1006 1453 1047 1459 --
1080 1414 1248 1480 confectus
1277 1419 1333 1481 sed
1360 1437 1424 1481 non
1458 1417 1520 1482 im-

291 1540 424 1602 pressus
448 1521 483 1585 in
507 1520 601 1602 regia
624 1519 828 1584 bibliotheca
844 1520 1053 1585 Berolinensi
1077 1529 1275 1587 asservatur.
1308 1524 1377 1606 Quo
1401 1523 1520 1604 indice,

292 1647 485 1707 quamquam
510 1646 613 1706 neque
648 1627 815 1707 perfectus
849 1665 891 1672 -
924 1632 1110 1692 tractantur
1142 1628 1228 1693 enim
1261 1636 1387 1694 tanturn
1421 1630 1521 1710 primi

292 1733 414 1814 viginti
451 1739 605 1812 quattuor
634 1732 712 1796 libri
749 1771 791 1777 —
839 1752 942 1812 neque
972 1740 1061 1798 recte
1099 1740 1149 1798 est
1179 1735 1376 1816 dispositus,
1412 1741 1521 1799 tamen

293 1860 390 1922 saepe
423 1859 500 1904 usus
534 1859 604 1904 sum
628 1845 661 1903 et
684 1839 903 1923 bibliothecae
927 1840 1151 1921 Berolinensi,
1184 1842 1269 1919 quod
1298 1860 1368 1905 eum
1401 1842 1442 1905 ad
1471 1860 1520 1904 me

292 1946 533 2013 Vratislaviam
557 1943 788 2009 liberalissime
816 1945 921 2026 misit,
946 1945 1090 2025 gratiam
1113 1947 1216 2010 habeo
1241 1947 1425 2012 maximam.

381 2071 430 2135 Eo
455 2070 559 2151 igitur
582 2070 706 2135 maiore
730 2089 802 2134 cum
830 2070 1005 2150 diligentia
1029 2071 1139 2135 Nonni
1165 2070 1244 2134 libri
1269 2071 1349 2135 mihi
1371 2091 1521 2152 perscru-

291 2176 384 2241 tandi
409 2183 511 2257 erant,
536 2177 603 2256 sed,
629 2195 701 2240 cum
727 2195 782 2240 eos
806 2176 924 2241 itemm
948 2176 1130 2254 iterumque
1153 2176 1300 2258 legerim,
1325 2196 1388 2242 non
1417 2178 1520 2242 multa

291 2303 342 2348 me
376 2282 531 2365 effugisse
566 2283 761 2364 putaverim.
809 2283 918 2348 Minus
948 2302 1026 2348 vero
1065 2302 1138 2347 mea
1176 2283 1336 2348 interesse
1376 2285 1521 2349 arbitror

291 2390 420 2454 omnia
443 2391 565 2454 iterata
589 2390 723 2470 afferre,
755 2409 851 2469 quum
880 2395 1080 2470 quantopere
1101 2396 1134 2454 et
1157 2408 1221 2468 qua
1242 2389 1371 2455 ratione
1384 2391 1520 2456 Nonnus

291 2516 362 2561 sese
386 2497 600 2578 exscripserit
629 2515 725 2576 quam
758 2496 909 2577 plurimis
934 2496 1092 2577 exemplis
1114 2496 1262 2562 collectis
1287 2498 1518 2562 demonstrare.

291 2602 487 2681 Priusquam
518 2608 625 2666 autem
656 2604 790 2666 adrem
815 2603 920 2683 ipsam
944 2603 1131 2684 aggrediar,
1157 2603 1314 2668 nonnulla
1336 2603 1521 2683 praefanda

292 2716 376 2773 sunt.

381 2834 430 2897 Ac
476 2834 616 2914 primum
662 2834 790 2912 quidem
840 2835 962 2898 iterata
1001 2853 1111 2898 omnes
1150 2833 1383 2899 similitudines
1427 2853 1519 2914 quae,

292 2941 422 3005 etiamsi
446 2944 547 3006 verba
571 2960 634 3005 non
660 2942 773 3005 eadem
797 2940 873 3021 sint,
899 2940 1112 3005 inveniantur
1127 2940 1162 3003 in
1182 2944 1279 3005 rebus
1296 2940 1520 3004 describendis

282 3054 325 3134 ,et
349 3047 472 3112 fabulis
497 3048 671 3112 narrandis
697 3047 935 3128 intellegendas
952 3065 1023 3111 esse
1046 3065 1105 3127 per
1128 3066 1163 3112 se
1187 3053 1287 3127 patet.
1321 3047 1444 3112 Tamen
1460 3048 1521 3111 hoc

291 3155 325 3218 in
349 3154 504 3235 opusculo
530 3153 692 3234 imprimis
718 3173 814 3235 pares
839 3153 892 3220 vel
916 3153 1040 3218 similes
1057 3173 1170 3219 versus
1193 3160 1225 3218 et
1241 3172 1392 3219 versuum
1409 3159 1520 3234 partes

290 3267 486 3326 tractantur.

383 3386 512 3450 Deinde
536 3405 598 3465 quo
624 3385 737 3450 ordine
761 3385 892 3466 iterata,
919 3404 1001 3464 quae
1025 3391 1101 3450 sunt
1125 3385 1304 3464 innumera,
1322 3383 1541 3464 proferenda

293 3493 375 3572 sint,
412 3494 631 3570 quaerendum
667 3498 725 3556 est.
782 3492 899 3556 Partes
936 3491 1021 3556 enim
1059 3491 1217 3572 quaedam
1257 3508 1341 3569 quae
1373 3490 1409 3554 in
1445 3491 1521 3554 aliis

294 3598 454 3663 eiusmodi
477 3598 652 3679 opusculis,
676 3598 782 3663 velut:
809 3599 858 3678 ,de
881 3598 1000 3663 Plauto
1022 3598 1072 3662 sui
1095 3597 1271 3662 imitatore‘
1285 3595 1323 3678 ¹),
1349 3598 1399 3677 ,de
1421 3597 1521 3662 itera-

292 3704 335 3769 tis
360 3705 447 3785 apud
463 3704 610 3785 tragicos
632 3703 830 3787 Graecos‘2),
856 3710 889 3769 et
905 3703 1045 3784 singulis
1068 3704 1174 3784 poetis
1192 3710 1224 3768 et
1240 3703 1380 3784 singulis
1399 3703 1521 3768 fabulis

292 3811 473 3892 separatim
497 3811 650 3876 tractatis
673 3830 732 3892 per
755 3830 790 3875 se
815 3811 906 3891 ipsae
924 3812 1076 3891 evadunt,
1101 3810 1135 3873 in
1153 3809 1297 3874 carmine
1314 3809 1406 3890 epico
1423 3809 1521 3890 plane

294 3919 419 3983 desunt.
482 3918 595 3996 Neque
629 3937 700 3982 eam
734 3917 996 3999 dispositionem,
1037 3935 1101 3996 qua
1139 3916 1271 3981 diversa
1309 3915 1521 3980 iterationum

289 4043 411 4105 genera
428 4023 593 4089 disiuncta
608 4025 976 4106 tractantur,¹,adhibere
1000 4024 1104 4104 licuit,
1130 4029 1306 4104 propterea
1332 4023 1417 4102 quod
1434 4021 1517 4086 certi

386 4326 404 4390 ¹)
425 4325 615 4378 Kellermann:
637 4325 669 4378 de
689 4326 789 4378 Plauto
810 4328 853 4380 sui
872 4328 1020 4380 imitatore.
1058 4341 1157 4378 comm·
1173 4325 1237 4392 phil.
1257 4325 1313 4378 Ien.
1337 4323 1395 4375 VII.

382 4414 580 4481 ²)Schroeder:
619 4415 651 4467 de
683 4416 793 4468 iteratis
825 4415 896 4482 apud
925 4417 1045 4483 tragicos
1074 4416 1200 4468 Graecos.
1240 4413 1347 4468 dissert.
1374 4413 1520 4480 Argentor.

292 4503 343 4556 vol.
366 4503 412 4555 1Ἰ.
