3482 5268
821 353 863 420 73

733 445 944 454 ---

191 631 192 638 ,
223 570 358 637 iteratio
389 569 571 652 complures
601 585 716 636 versus
747 568 901 650 eomplet3
933 568 993 632 has
1023 567 1159 652 exiguas
1191 565 1353 648 reliquias
1373 583 1451 634 usus

71 720 75 741 .
186 751 189 754 ,
224 677 394 764 Homerici
417 677 615 744 invenimus:

276 805 305 868 1.
330 805 519 867 mandatum
548 801 687 867 alieuius
716 803 757 866 ab
789 800 894 864 altero
919 791 990 866 -vel¹
1009 799 1107 864 tertio
1139 798 1302 865 similibus
1338 800 1450 867 verbis

217 917 225 932 ⁸
330 909 500 990 repetitur,
525 909 617 974 velut
642 905 725 990 13‚3‚
753 907 850 989 13‚2o

281 1037 309 1099 2.
335 1035 469 1114 aliquod
502 1033 626 1098 factum
658 1053 678 1097 a
708 1039 806 1114 poeta
836 1036 1007 1114 narratur,
1040 1033 1082 1096 ad
1113 1033 1198 1111 quod
1228 1033 1314 1098 alius
1345 1033 1451 1098 oratio

332 1147 469 1224 spectat,
494 1141 585 1206 velut
608 1140 715 1222 5,330,
741 1141 872 1204 445-
898 1140 1027 1220 20,353,
1054 1140 1152 1221 aluo

277 1268 306 1331 3.
333 1266 457 1331 factum
481 1269 522 1330 ab
548 1265 657 1345 aliquo
689 1265 854 1330 indicatur
883 1265 936 1329 vel
964 1284 1017 1329 res
1048 1264 1259 1347 describitur,
1290 1266 1452 1345 adquam

331 1379 447 1454 poetae
470 1353 572 1439 rerba
596 1378 755 1454 spectant,
782 1371 872 1438 velut
896 1373 1003 1454 2,668‚
1030 1371 1128 1453 5,l20

277 1501 306 1562 4.
333 1497 418 1562 alter
453 1479 661 1579 saepissime,
708 1503 744 1562 ut
778 1497 852 1578 plus
881 1497 993 1562 valeat
1024 1497 1147 1578 orati0,
1180 1497 1316 1563 alterius
1350 1502 1453 1564 verba

332 1605 471 1686 repetit,
504 1604 595 1669 velut
619 1605 730 1686 anto,
756 1605 832 1686 4,45
857 1641 899 1650 —
924 1605 1014 1686 9,71,
1042 1604 1138 1686 10,85
1169 1643 1208 1650 -
1234 1605 1346 1687 6303,
1373 1607 1453 1688 3223

333 1712 448 1776 deinde
478 1711 512 1774 in
543 1711 676 1776 tertium
704 1713 808 1777 verba
837 1730 877 1775 ex
901 1710 1039 1776 alterius
1069 1710 1216 1776 oratione
1246 1718 1344 1793 capta
1373 1713 1454 1776 diri-

332 1825 462 1900 guntur,
488 1819 579 1884 velut
602 1819 688 1899 8,62,
717 1819 778 1882 159
803 1857 845 1864 —
870 1818 978 1899 8230,
1004 1817 1077 1882 306.

314 1943 484 2008 Postremo
509 1943 681 2008 nonnullos
706 1943 795 2008 locos
819 1949 1011 2023 spectemus
1038 1943 1155 2023 quibus
1173 1944 1206 2008 in
1223 1944 1340 2009 iisdem
1357 1948 1454 2010 rebus

227 2051 450 2116 describendis
481 2051 718 2129 sententiisque
749 2050 970 2130 exprimendis
1005 2050 1137 2115 diversa
1171 2054 1273 2116 verba
1312 2057 1452 2117 exstant.

227 2158 291 2239 Qui
314 2157 383 2222 rari
407 2164 492 2238 sunt,
518 2159 602 2236 quod
626 2163 773 2239 poetam,
807 2157 863 2236 qui
893 2163 1064 2237 tantopere
1094 2177 1209 2223 versus
1241 2168 1272 2223 et
1303 2178 1454 2224 versuum

226 2270 338 2344 partes
363 2265 470 2345 iterat,
499 2265 573 2344 plus
597 2265 754 2344 minusve,
787 2263 849 2328 etsi
879 2264 971 2345 nolit,
997 2265 1039 2328 ad
1070 2266 1181 2329 eadem
1205 2268 1307 2330 verba
1330 2267 1454 2331 reverti

227 2389 359 2435 neeesse
383 2377 441 2435 est.
490 2371 554 2434 Hie
583 2371 683 2435 etiam
708 2371 785 2451 loci,
812 2371 845 2433 in
873 2371 990 2448 quibus
1015 2370 1152 2451 exiguus
1176 2375 1348 2436 verborum
1378 2392 1453 2437 eon-

227 2497 341 2542 sensus
364 2477 540 2556 invenitur,
567 2478 840 2554 commemorandi
863 2483 946 2542 sunt.

316 2583 447 2650 Similes
482 2583 664 2648 sententiae
699 2584 769 2650 sive
799 2604 890 2665 casu,
923 2584 993 2650 sive
1024 2586 1109 2663 quod
1139 2591 1237 2665 poeta
1273 2587 1453 2666 posteriore

226 2690 298 2754 loeo
321 2689 444 2771 prioris
474 2689 631 2771 meminit,
663 2689 697 2754 in
729 2691 898 2774 Typhonis
924 2691 1071 2756 oratione
1104 2692 1200 2773 nont
1230 2698 1262 2756 et
1286 2712 1306 2756 a
1329 2693 1454 2758 Semele

228 2797 325 2877 8377
350 2797 571 2877 proferuntur.
693 2827 694 2830 ¹

321 2919 483 2986 Conferas
508 2921 607 2986 velim
630 2922 689 2992 hos
713 2941 840 2988 versus:

251 3063 344 3143 1,431
371 3063 527 3149 ,πηκτίδα
552 3062 610 3151 την
634 3061 686 3144 έχε
709 3066 839 3146 μοῦνος,
865 3062 937 3127 ε’πεί
961 3061 1058 3143 λάχεν
1082 3061 1161 3128 άλλο
1189 3063 1347 3152 Τυφωεὺς

387 3165 524 3256 ὄργανον
547 3167 748 3256 αι’τοβόητον
771 3167 959 3252 Ὀλύμπιον,
993 3167 1146 3252 έζίμενος
1171 3169 1207 3236 δέ

384 3277 496 3363 χερσὶν
520 3273 758 3362 άδονπὴτοιοιν
782 3273 946 3364 ε’ίλὴμονος
969 3273 1119 3364 άμμορος
1143 3275 1240 3365 ἠχοῦς

391 3382 550 3470 πηκτίδος
578 3379 738 3471 ὑμετέρης
771 3379 958 3448 ἐπιδεδεται
982 3381 1161 3471 άννέιμελος
1185 3383 1278 3463 Ζεύς,

281 3527 345 3591 435
386 3528 451 3590 οιῦν
475 3523 504 3590 δ’
526 3523 642 3610 δλίχων
666 3523 812 3591 δονάκων
837 3523 935 3606 ἐχέτω
956 3525 1079 3592 κτύπον
1097 3534 1103 3548 ’
1121 3525 1315 3604 οδτιδανοὺς
1337 3525 1398 3616 γάρ

387 3629 425 3698 ori
447 3630 605 3708 πλεκτοὺς
628 3631 795 3715 καλάμους
818 3632 978 3717 καλάμοις
1003 3633 1175 3723 στοιχηδὸν
1198 3633 1318 3702 έλίοοω
1342 3676 1384 3683 -
1401 3676 1453 3715 -‚

249 3794 346 3876 &377
385 3792 544 3880 πηκτίδος
567 3790 606 3858 οὐ
629 3791 735 3874 χατέω
759 3792 938 3882 λιχυηχέος,
963 3793 1002 3860 οδ
1024 3794 1120 3883 χρέος
1143 3795 1255 3875 αὐλοῦ,

281 3919 344 3983 387
383 3915 423 3983 οὐ
446 3915 552 3998 χατέω
575 3916 756 4006 φόρμιγγος
781 3916 927 3999 δλίζονος
945 3927 952 3940 ”
973 3917 1111 4008 οὐρανίη
1133 3917 1195 4008 χάρ

384 4022 526 4114 αότραίη
549 4023 674 4113 κιθάρη
699 4023 843 4113 Σεμέλης
866 4024 1022 4109 ὑμέναιον
1045 4024 1150 4092 άείδει

279 4149 343 4216 378
381 4150 519 4238 βρονταὶ
542 4149 616 4234 ε’μοὶ
639 4147 773 4235 χεχάαοι
796 4150 877 4227 Διὸς
902 4150 1049 4240 οὐριχχες
1074 4149 1204 4240 ἐράτων

384 4253 484 4333 αὐλὸς
508 4255 582 4340 έμοί
605 4255 729 4333 κτύπος
752 4247 849 4334 οὗτος
872 4255 1060 4342 Ὀλύμπιος,

313 4417 440 4483 Deinde
464 4438 589 4484 summa
613 4419 829 4494 similitudine
853 4426 885 4485 et
909 4440 1016 4485 rerum
1040 4440 1182 4496 conexus
1212 4427 1244 4486 et
1268 4419 1453 4502 argumenti

221 4525 392 4589 notabiles
416 4531 492 4590 sunt
515 4525 549 4590 ll.
577 4526 816 4607 rodon-430,
845 4528 1314 4610 11,7-55et11‚400-405,
1336 4529 1452 4610 11‚407
