3482 5268
837 367 880 434 75

753 460 965 476 ——v-

334 584 461 650 Deinde
485 581 816 664 consensusquidam
840 583 927 649 inter
952 582 1159 665 rape-105
1184 587 1216 648 et
1239 582 1470 665 elaad-368

246 698 304 758 est.
352 693 499 786 Utroque
523 691 609 756 enim
632 691 703 756 loco
728 691 898 771 quaerenti
921 710 975 756 res
1000 689 1131 755 futurae
1154 709 1219 754 non
1241 689 1353 756 verbis
1376 709 1471 772 prae-

245 799 407 881 dicuntur,
432 800 489 865 sed
513 799 548 863 in
571 798 694 864 tabulis
718 797 864 879 scriptae
885 800 1158 864 demonstrantur.

333 1014 405 1078 Iam
433 1018 469 1078 ut
497 1031 654 1079 summam
679 1012 910 1094 expositionis·
927 1010 1103 1092 faciamus,
1133 1011 1284 1077 Nonnum
1308 1009 1470 1076 interdum

244 1121 310 1186 iam
345 1120 443 1186 tritas
478 1120 678 1186 elocutiones
711 1121 891 1187 evitavisse
926 1124 959 1185 et
997 1138 1099 1185 novas
1135 1105 1260 1200 fingere
1295 1118 1469 1201 studuisse,

244 1227 421 1294 maximam
445 1233 553 1294 autem
576 1227 704 1309 partem
728 1229 840 1292 eadem
863 1229 966 1293 verba
993 1245 1097 1308 paene
1126 1244 1227 1306 usque
1256 1226 1298 1290 ad
1326 1225 1470 1290 taedium

244 1334 440 1416 repetivisse
463 1333 620 1400 videmus.
668 1333 732 1399 Sed
756 1334 877 1400 iustum
900 1333 1057 1399 iudicium
1081 1334 1120 1398 de
1150 1351 1187 1398 eo
1212 1352 1276 1398 non
1302 1331 1470 1415 faciemus,

244 1441 311 1506 nisi
333 1441 575 1507 meminerimus
599 1460 671 1506 eum
695 1441 730 1505 in
753 1441 883 1507 ratione
906 1441 958 1507 sui
981 1439 1133 1521 iterandi,
1159 1459 1242 1520 quae
1265 1459 1324 1505 nos
1341 1440 1471 1520 quidem

244 1553 415 1630 tantopere
439 1547 586 1630 offendit,
611 1545 824 1629 plurimorum
848 1555 995 1615 veterum
1018 1554 1189 1631 poetarum
1214 1547 1395 1628 exemplum
1420 1567 1470 1613 se-

246 1661 355 1720 cutum
391 1673 471 1720 esse.
530 1655 658 1720 Deinde
694 1655 763 1720 eius
798 1656 1000 1738 temporibus
1038 1661 1154 1737 poetas
1190 1655 1224 1720 id
1262 1674 1360 1721 unum
1400 1655 1470 1720 fere

244 1767 424 1844 spectasse,
470 1768 506 1828 ut
540 1782 654 1828 versus
683 1781 779 1842 quam
810 1763 987 1829 facillimos
1016 1767 1181 1828 struerent
1209 1768 1242 1828 ct
1277 1759 1407 1828 omnino'
1435 1762 1471 1826 in

244 1869 394 1934 versibus
427 1869 657 1950 componendis
686 1889 782 1949 quam
805 1871 981 1935 maximam
1009 1869 1227 1936 mobilitatem
1251 1871 1469 1951 ostenderent,

243 1976 459 2056 reputandum
484 1982 542 2040 est.
692 1985 694 1990 ’
