3482 5268
870 287 913 352 36

366 498 480 578 Neque
505 498 591 562 enim
616 499 774 564 eiusmodi
800 520 909 566 omnes
934 521 1085 566 versuum
1109 507 1221 583 partos
1238 502 1291 568 vel
1307 521 1422 568 versus
1438 507 1506 567 tum

278 607 414 688 demum,
440 625 512 671 cum
536 625 666 672 carmen
682 613 880 673 retractaret
897 613 929 673 et
944 609 1135 694 perpolirct,
1153 609 1392 690 posterioribus
1408 609 1505 674 libris

279 732 351 778 eum
377 713 555 778 inseruisse
580 713 733 779 contendi
757 720 873 796 potest.

295 869 297 874 ,
367 820 480 900 Neque
503 840 581 887 vero
606 823 692 887 bona
715 823 873 888 memoria
906 842 1009 902 neque
1040 829 1194 890 constans
1225 843 1378 891 versuum
1402 830 1507 890 struc-

276 934 360 1010 tura,
386 933 422 992 ut
444 934 614 1010 tantopere
638 929 690 994 sui
714 929 818 1009 ipsius
842 949 956 996 versus
981 931 1191 1013 exscriberet,
1211 937 1341 1013 poetam
1365 951 1506 996 commo-

277 1055 354 1101 vere
377 1035 538 1116 potuisset
562 1035 627 1100 nisi
652 1036 776 1118 ingenii
801 1038 941 1116 quadam
965 1037 1078 1118 inopia
1101 1044 1233 1104 coactus
1258 1039 1439 1104 consulto
1460 1039 1507 1103 ad

277 1142 530 1207 iterationem
548 1141 806 1225 confugisset.
838 1145 907 1228 Quo
924 1144 972 1228 fit,
990 1150 1026 1210 ut
1042 1164 1140 1226 saepe
1157 1147 1289 1211 eaedem
1306 1145 1507 1211 elocutiones

277 1269 380 1331 parvo
404 1249 512 1331 spatio
537 1256 710 1330 separatae
734 1251 834 1316 semel
858 1251 1039 1332 iterumque
1062 1258 1243 1317 recurrant.
1291 1252 1380 1318 Satis
1401 1253 1506 1318 habeo

278 1377 317 1422 ca
341 1357 491 1438 exempla
513 1357 700 1440 protulisse,
726 1377 809 1437 quae
833 1359 867 1422 in
891 1359 998 1440 prima
1021 1359 1135 1424 littera
1160 1358 1206 1445 (a)
1231 1359 1452 1426 inveniuntur.

366 1482 406 1546 In
430 1481 526 1547 initio
550 1501 682 1548 versus:

518 1586 742 1676 60001011ςὸ
766 1585 922 1678 α’γόρευεν
946 1591 1076 1674 37,130,
1101 1593 1176 1674 489,
1203 1592 1266 1657 753

597 1735 611 1744 -
713 1735 728 1744 -
818 1736 832 1744 -
880 1699 1060 1780 0137319

597 1842 612 1852 -
707 1801 735 1869 δ’
761 1801 875 1892 ἰάχησε
937 1806 1198 1888 subticemus

278 1914 409 1995 37‚549,
435 1913 499 1978 616
523 1951 565 1958 —-
590 1913 720 1994 36233,
747 1913 810 1977 317
835 1951 877 1958 —
902 1914 1010 1994 4362,
1035 1913 1133 1994 4461
1158 1953 1200 1958 -
1226 1914 1355 1997 22189,
1382 1914 1446 1978 346
1465 1953 1506 1960 -

279 2021 410 2102 37664,
436 2021 500 2085 674
524 2057 566 2065 -
593 2020 723 2100 23326,
752 2020 814 2084 173
840 2057 880 2066 -
906 2021 1036 2102 25,110,
1063 2021 1193 2085 249-
1221 2021 1348 2103 13326,
1375 2021 1439 2086 266
1464 2059 1507 2066 -

368 2145 403 2209 in
427 2145 492 2210 fine
516 2164 647 2210 versus:

529 2267 610 2356 ἐμὴν
634 2267 775 2334 Νίκαιαν
798 2265 919 2356 deipara
946 2270 1051 2352 16,52,
1077 2271 1119 2335 88
1144 2270 1260 2335 deinde

280 2379 416 2460 33343,
441 2379 504 2442 367
532 2415 571 2422 -
597 2377 711 2458 6293,
738 2379 802 2442 282
827 2416 869 2423 -
893 2378 1031 2458 38266,
1058 2379 1122 2443 322
1146 2417 1188 2422 -
1214 2377 1348 2460 33220,
1375 2377 1439 2442 332
1464 2415 1506 2422 -

279 2486 415 2566 48220,
443 2486 506 2550 248
531 2523 572 2530 —
597 2485 734 2566 37,163,
760 2485 824 2548 263
848 2523 891 2529 -
916 2485 1054 2566 37366,
1080 2486 1143 2548 471
1170 2523 1208 2531 --
1237 2485 1348 2565 13,93,
1374 2484 1439 2548 310
1464 2522 1506 2529 -

280 2593 416 2674 38307,
442 2593 506 2657 332
535 2630 573 2638 -
600 2592 712 2673 1033,
739 2593 803 2656 106
828 2630 869 2636 -
895 2593 1032 2673 21269,
1060 2593 1122 2656 176
1146 2631 1188 2636 -
1213 2592 1349 2672 48430,
1375 2592 1438 2656 611
1465 2629 1506 2636 -

280 2699 567 2780 36,131,190-

369 2806 559 2872 Clarissime
583 2812 691 2870 autem
707 2811 824 2886 poetae
841 2806 954 2887 inopia
979 2806 1024 2871 eis
1049 2825 1132 2886 quae
1155 2806 1339 2887 posteriore
1363 2806 1398 2870 in
1414 2811 1508 2888 parte

155 2975 157 2979 ,
280 2915 396 2995 dicam,
420 2912 652 2978 illustrabitur.

369 3021 442 3085 Huc
473 3020 617 3097 aceedit,
648 3021 733 3100 quod
763 3019 898 3086 Nonnus
929 3039 990 3085 non
1017 3021 1116 3085 aliter
1140 3040 1178 3086 ac
1207 3019 1355 3101 plerique
1378 3030 1507 3086 veteres

282 3136 399 3212 poetae
437 3148 576 3195 versus
620 3135 746 3210 parte,
787 3146 883 3207 quam
922 3131 1004 3193 bene
1039 3127 1172 3194 finxisse
1211 3127 1276 3193 sibi
1321 3126 1506 3207 videbatur,

279 3239 428 3303 iterata
452 3237 682 3302 delectatur.
731 3236 824 3319 Quod
849 3255 920 3300 cum
943 3235 1116 3316 permultis
1140 3233 1290 3320 elocis1)
1314 3241 1381 3299 tum
1407 3234 1506 3299 exiis

280 3345 394 3426 elucet,
419 3344 454 3408 in
478 3344 595 3424 quibus
619 3363 734 3408 versus
758 3345 945 3424 membrum,
971 3344 1056 3422 quod
1081 3343 1114 3406 in
1131 3341 1298 3423 prioribus
1322 3341 1419 3406 libris
1443 3361 1508 3406 non

281 3459 398 3532 exstat,
412 3458 449 3515 ut
465 3451 564 3516 semel
581 3457 630 3515 est
647 3451 768 3531 fictum,
793 3449 911 3515 iterum
928 3469 967 3515 ac
983 3449 1115 3531 saepius
1133 3449 1316 3514 adhibetur.
1349 3448 1508 3514 Conferas

281 3558 380 3624 velim
405 3578 421 3622 e
445 3557 557 3622 multis
582 3558 740 3638 exemplis
765 3559 858 3623 haec:

440 3681 584 3769 νυμφίον
610 3679 771 3770 Εὐρώπης
794 3684 913 3764 33287

494 3828 507 3836 -
555 3813 590 3864 ος
691 3828 704 3836 -
797 3791 927 3872 38394,
953 3791 1083 3871 41244,
1109 3791 1230 3871 42303
1255 3789 1371 3854 deinde

280 3898 417 3978 36333,
443 3897 580 3980 36460,
606 3899 698 3980 383,
724 3899 838 3979 3828,
864 3899 999 3980 39269,
1029 3898 1137 3979 4439,
1163 3897 1285 3979 47240
1309 3935 1351 3942 -
1375 3897 1507 3978 44126,

280 4007 410 4086 47326,
435 4006 566 4086 48616,
592 4006 712 4086 48318
737 4043 778 4049 -

348 4113 476 4193 25,lb2,
503 4113 633 4193 26267,
660 4113 789 4193 26360,
809 4113 937 4194 26346,
964 4114 1094 4192 28288,
1121 4112 1228 4194 2930,
1252 4113 1381 4193 29282,
1400 4111 1507 4192 3031,

280 4221 410 4301 32377,
436 4220 566 4301 32202,
592 4221 722 4301 32281,
748 4221 878 4301 34272,
904 4221 1034 4301 36232,
1060 4220 1190 4301 39309.

371 4399 388 4466 ¹)
408 4397 450 4452 Cf.
470 4405 508 4458 εἰς
525 4404 594 4469 μίαν
618 4393 775 4468 ἠριγένειαν
800 4396 891 4464 1388,
917 4396 1008 4464 2,551,
1034 4397 1127 4464 4,172,
1148 4397 1257 4464 11,466,
1285 4395 1376 4464 18,40,
1397 4394 1510 4467 25341,

279 4488 385 4556 26371,
405 4488 492 4556 3032,
512 4488 618 4555 31216,
637 4488 742 4556 31356,
763 4487 868 4555 31270,
888 4486 992 4554 39284.
