3482 5268
890 359 933 426 54

292 575 412 656 46377
973 569 1040 639 dot
1065 571 1213 661 στέρνοιο
1237 578 1378 656 χιτῶνας
1404 576 1522 658 18330

293 681 415 763 46380
749 677 850 747 κύκλα
873 677 1055 769 προσώπου
1082 682 1214 764 18333,
1240 683 1377 764 24382,
1403 683 1524 764 40303

292 788 411 870 46381
458 788 514 854 καὶ
543 785 733 872 πλοκάμους
761 787 935 878 χαρίεντας
963 785 1199 876 ε’ρευθομὲνοιο
1228 785 1370 878 καρήνου
1402 789 1521 872 11346

294 895 414 977 46382
461 892 519 978 ὀξὺ
543 893 580 962 δὲ
602 892 772 962 κωκύουσα
1263 896 1362 978 5349

294 1001 415 1084 46353
896 1000 1103 1088 τυμβεύσατο
1127 1003 1235 1091 μήτηρ
1264 1004 1362 1086 5349

293 1109 413 1192 46357
756 1107 984 1200 φιλοθρὴνους
1007 1108 1044 1176 δὲ
1066 1116 1222 1195 γυναῖκας
1267 1112 1339 1178 sim.
1364 1131 1404 1176 m.
1431 1112 1451 1176 l.

295 1271 415 1352 47388
978 1269 1081 1359 τ’)’μυξε
1104 1267 1246 1360 παρειάς
1269 1272 1400 1354 40361,
1425 1272 1523 1354 9395

295 1379 415 1460 47389
461 1375 662 1454 πενθαλὲοις
686 1375 715 1444 d'
738 1375 909 1458 ὀνύχεσσιν
1103 1379 1211 1462 5376,
1238 1380 1366 1461 18333,
1393 1381 1522 1461 24382,

1224 1487 1332 1568 3333,
1358 1486 1479 1569 40303

295 1592 415 1674 47390
788 1589 909 1681 βότρυν
933 1590 1069 1680 ebaldus*
1095 1595 1222 1676 11,476,
1249 1593 1378 1677 24395,
1403 1593 1524 1676 40304

294 1700 414 1781 47317
462 1695 620 1786 δάκρυσιν
643 1696 791 1765 οἷενάοισι
815 1697 1010 1784 λελουμένου
1089 1700 1188 1782 5380

246 1800 248 1810 '
295 1807 417 1888 47318
463 1805 584 1886 χείλεσι
610 1803 857 1894 δὀἷφθόγγοισι
1085 1807 1212 1890 11352.

385 2003 551 2084 Imprimis
575 2003 610 2068 in
634 2003 682 2068 eis
706 2006 813 2085 rebus
839 2022 919 2083 quas
943 2009 1041 2084 poeta
1064 2003 1165 2068 semel
1182 2003 1364 2084 iterumque
1380 2004 1524 2071 maxima

296 2130 367 2177 cum
391 2111 561 2192 voluptate
585 2111 692 2193 affert,
710 2111 983 2177 commemorandi
1000 2116 1076 2176 sunt
1095 2111 1170 2192 loci,
1196 2111 1314 2192 quibus
1335 2113 1524 2192 quomodo

298 2215 443 2282 femina
466 2217 730 2299 pulcherrima
746 2219 903 2287 lavetur
927 2223 963 2283 et
979 2237 999 2282 a
1016 2218 1102 2285 viro
1120 2224 1340 2301 spectetur,
1357 2224 1521 2285 narratur.

296 2324 390 2408 Quod
413 2331 640 2408 argumentum
664 2325 715 2391 his
739 2325 881 2405 quinque
905 2325 987 2390 locis
1010 2325 1164 2390 recurrit:

363 2470 472 2552 5‚304,
497 2470 572 2554 476,
596 2469 654 2536 ubi
678 2469 802 2536 lavatio
826 2469 966 2552 Dianae,
1036 2489 1133 2550 quam
1157 2475 1286 2552 spectat
1310 2471 1457 2536 Actaeon

362 2577 461 2660 5,586
617 2629 631 2660 „
728 2630 742 2662 „
825 2577 1045 2659 Proserpinae
1087 2630 1100 2661 ,,
1218 2631 1230 2662 ,
1302 2577 1452 2660 Iuppiter

365 2685 460 2765 7371
618 2736 632 2767 ,
729 2737 742 2768 ,
826 2684 969 2750 Semeles
1088 2737 1101 2767 „
1217 2735 1230 2767 ,
1367 2736 1381 2766 ,

365 2791 440 2872 16,5
618 2843 631 2874 ,
730 2843 741 2870 ,
825 2791 970 2856 Nicaeae
1085 2843 1098 2874 „
1214 2843 1227 2874 „
1299 2789 1449 2878 Bacchus

365 2899 485 2980 38319
619 2951 632 2982 ,
730 2951 744 2982 ,,
827 2898 998 2982 Clymenes
1085 2952 1098 2983 „
1214 2951 1228 2982 „
1292 2899 1348 2965 Sol

386 3011 550 3072 narratur.
1340 3051 1341 3056 η

387 3131 512 3216 Quibus
548 3150 619 3197 cum
649 3130 731 3196 locis
762 3129 928 3196 artissime
959 3131 1111 3195 cohaeret
1141 3130 1278 3212 48395,
1309 3131 1366 3195 ubi
1394 3130 1525 3195 Dianae

296 3239 421 3305 lavatio
447 3259 467 3305 a
490 3239 634 3323 nympha
657 3238 749 3303 Aura
772 3244 948 3319 spectatur.
997 3237 1156 3303 Omnibus
1187 3236 1257 3303 fere
1285 3237 1367 3303 locis
1392 3239 1523 3303 eaedem

296 3347 480 3414 sententiae
502 3345 614 3413 verbis
639 3345 761 3411 eisdem
777 3345 830 3411 vel
846 3344 1015 3426 paululum
1031 3344 1166 3410 mutatis
1184 3363 1359 3426 expressae
1376 3349 1522 3410 exstant:

387 3452 613 3534 copiosissime
642 3451 840 3517 describitur
867 3451 1077 3532 pulchritudo
1111 3450 1525 3532 corp01·isseminae‚im-

297 3560 413 3642 primis
430 3558 518 3639 colli,
538 3576 700 3640 mannum,
718 3559 845 3640 pedum,
860 3564 893 3622 et
908 3557 1054 3623 virorum
1067 3557 1241 3640 cupiditas,
1256 3558 1312 3637 qui
1328 3576 1523 3638 quamquam

298 3666 447 3749 proxime
478 3665 637 3730 accedunt
665 3670 698 3730 et
726 3664 979 3747 diligentissime
1008 3663 1188 3746 aspiciunt,
1220 3670 1329 3729 tamen
1360 3664 1524 3729 oculorum

298 3773 511 3856 cupiditatem
536 3771 703 3837 exsatiare
726 3791 791 3836 non
815 3777 960 3853 possunt.
1007 3771 1135 3836 Deinde
1159 3771 1271 3836 multis
1295 3771 1378 3836 locis
1402 3770 1523 3836 amoris

296 3881 349 3949 vis
373 3880 566 3962 explicatur.

385 3989 460 4053 Huc
482 3986 606 4052 Bacchi
630 4005 757 4067 quoque
773 3985 930 4072 (10340),
955 3985 1086 4068 Ampeli
1104 3985 1238 4072 (1131),
1263 3985 1350 4052 Cissi
1366 3982 1523 4071 (11,407)‚

296 4095 435 4164 Veneris
460 4092 606 4180 (41312)
631 4093 816 4161 lavationes
840 4092 1034 4159 referendae
1057 4100 1142 4159 sunt.

385 4202 510 4286 Quibus
534 4201 570 4266 in
592 4201 816 4268 lavationibus
845 4220 917 4266 cum
947 4199 1091 4266 maxima
1120 4220 1160 4265 ex
1188 4205 1283 4282 parte
1314 4201 1353 4265 de
1377 4197 1524 4279 corporis

297 4310 542 4392 pulchritudine
566 4309 705 4387 dicatur,
731 4309 765 4373 hi
789 4309 863 4390 loci,
889 4308 1006 4388 quibus
1031 4308 1178 4374 homines
1202 4307 1255 4373 vel
1279 4307 1313 4372 di
1336 4305 1525 4372 describun-

296 4423 359 4499 tur,
385 4415 657 4482 commemorandi
679 4414 761 4480 mihi
784 4415 950 4481 videntur:
981 4415 1087 4497 i,525,
1110 4415 1219 4496 4335,
1242 4413 1370 4496 10375,
1396 4411 1524 4493 11381,

298 4524 427 4607 15304,
453 4525 526 4589 227.
